@book{starr2015lost,
  title={Lost Enlightenment: Central Asia's Golden Age from the Arab Conquest to Tamerlane},
  author={Starr, S.F.},
  isbn={9780691165851},
  lccn={2013013684},
  url={https://books.google.co.in/books?id=hWyYDwAAQBAJ},
  year={2015},
  publisher={Princeton University Press}
}
@book{qadir1989relativity,
  title={Relativity: An Introduction to the Special Theory},
  author={Qadir, A.},
  isbn={9789971506124},
  series={G - Reference,Information and Interdisciplinary Subjects Series},
  url={https://books.google.com.pk/books?id=X5YofYrqFoAC},
  year={1989},
  publisher={World Scientific}
}
